@misc{Lample,
  author = {Lample, Guillaume and Charton, Fran√ßois},
  title = {Deep Learning for Symbolic Mathematics},
  publisher = {arXiv},
  year = {2019},
  copyright = {arXiv.org perpetual, non-exclusive license}
}

@article{zaremba2014learning,
  title={Learning to discover efficient mathematical identities},
  author={Zaremba, Wojciech and Kurach, Karol and Fergus, Rob},
  journal={Advances in Neural Information Processing Systems},
  volume={27},
  year={2014}
}

@inproceedings{arabshahi2018towards,
  title={Towards solving differential equations through neural programming},
  author={Arabshahi, Forough and Singh, Sameer and Anandkumar, Animashree},
  booktitle={ICML Workshop on Neural Abstract Machines and Program Induction (NAMPI)},
  year={2018}
}

@article{vaswani2017attention,
  title={Attention is all you need},
  author={Vaswani, Ashish and Shazeer, Noam and Parmar, Niki and Uszkoreit, Jakob and Jones, Llion and Gomez, Aidan N and Kaiser, {\L}ukasz and Polosukhin, Illia},
  journal={Advances in neural information processing systems},
  volume={30},
  year={2017}
}